@article{halfin1981heavy,
  title={Heavy-traffic limits for queues with many exponential servers},
  author={Halfin, Shlomo and Whitt, Ward},
  journal={Operations research},
  volume={29},
  number={3},
  pages={567--588},
  year={1981},
  publisher={Informs}
}
@article{whitt1993approximations,
  title={Approximations for the GI/G/m queue},
  author={Whitt, Ward},
  journal={Production and Operations Management},
  volume={2},
  number={2},
  pages={114--161},
  year={1993},
  publisher={Wiley Online Library}
}
